<?xml version="1.0" encoding="UTF-8"?><collection xmlns="http://www.loc.gov/MARC21/slim"><record><leader>00511nam--2200181-i-4500</leader><controlfield tag="001">000046806</controlfield><controlfield tag="002">20161230</controlfield><controlfield tag="005">20161230201046</controlfield><controlfield tag="008">060222s1000------------r-----000-0-fre-d</controlfield><datafield ind1=" " ind2=" " tag="040"><subfield code="a">IFIN-HH</subfield></datafield><datafield ind1=" " ind2=" " tag="041"><subfield code="a">fre</subfield></datafield><datafield ind1=" " ind2=" " tag="080"><subfield code="a">539172.4</subfield></datafield><datafield ind1="1" ind2=" " tag="100"><subfield code="a">Voignier,J</subfield></datafield><datafield ind1="1" ind2="0" tag="245"><subfield code="a">Etude de la reaction pb(n,2n) par la methode du double temps de vol</subfield><subfield code="c">J. voignier</subfield></datafield><datafield ind1=" " ind2=" " tag="260"><subfield code="a">Bruyeres-le-chatel</subfield><subfield code="b">Service De Physique Nucleaire</subfield><subfield code="c">1973</subfield></datafield><datafield ind1=" " ind2=" " tag="300"><subfield code="a">4 P. + 1 FIG</subfield></datafield><datafield ind1=" " ind2=" " tag="852"><subfield code="a">39155</subfield><subfield code="c">539.17</subfield></datafield><datafield ind1=" " ind2=" " tag="CAT"><subfield code="a">Sys</subfield><subfield code="c">20120611</subfield><subfield code="h">105432</subfield></datafield></record></collection>